<?xml version="1.0" encoding="UTF-8"?><collection><record><leader>05944ntm a2200589 a 4500</leader><controlfield tag="001">006795130</controlfield><controlfield tag="003">MiAaHDL</controlfield><controlfield tag="005">20190719000000.0</controlfield><controlfield tag="006">m        d        </controlfield><controlfield tag="007">cr bn ---auaua</controlfield><controlfield tag="008">090520s1710    xx            00| ||ara d</controlfield><datafield tag="035" ind1=" " ind2=" "><subfield code="a">(MiU)006795130</subfield></datafield><datafield tag="035" ind1=" " ind2=" "><subfield code="a">sdr-miu006795130</subfield></datafield><datafield tag="040" ind1=" " ind2=" "><subfield code="a">MiU</subfield><subfield code="c">MiU</subfield><subfield code="e">amremm</subfield></datafield><datafield tag="043" ind1=" " ind2=" "><subfield code="a">n-us-mi</subfield></datafield><datafield tag="100" ind1="0" ind2=" "><subfield code="6">880-01</subfield><subfield code="a">Birgivî Mehmet Efendi,</subfield><subfield code="d">approximately 1522-1573.</subfield></datafield><datafield tag="245" ind1="1" ind2="0"><subfield code="6">880-03</subfield><subfield code="a">Rāḥat al-ṣāliḥīn wa-ṣawāʻiq al-munāfiqīn,</subfield><subfield code="f">[1122, i.e. 1710].</subfield></datafield><datafield tag="246" ind1="3" ind2=" "><subfield code="i">Title from heading on p.12:</subfield><subfield code="a">كتاب راحة الصالحين</subfield></datafield><datafield tag="260" ind1=" " ind2=" "><subfield code="c">[1710].</subfield></datafield><datafield tag="300" ind1=" " ind2=" "><subfield code="a">72 leaves :</subfield><subfield code="b">paper ;</subfield><subfield code="c">200 x 145 (150 x 98) mm.</subfield></datafield><datafield tag="500" ind1=" " ind2=" "><subfield code="a">Shelfmark: Ann Arbor, University of Michigan, Special Collections Library, Isl. Ms. 540</subfield></datafield><datafield tag="500" ind1=" " ind2=" "><subfield code="a">Origin: As appears in colophon on p.149, transcription completed Rabīʻ II 1122 [June 1710].</subfield></datafield><datafield tag="500" ind1=" " ind2=" "><subfield code="a">Accompanying materials: a. Acquisitions slip from Yahuda (pp.1-2) -- b. Inventory cataloguing slips in hand of Winifred Smeaton Thomas (pp.3-6).</subfield></datafield><datafield tag="500" ind1=" " ind2=" "><subfield code="a">Former shelfmark: From interior of upper cover and spine label "IL 134" (likely supplied by Yahuda, see acquisitions slip).</subfield></datafield><datafield tag="500" ind1=" " ind2=" "><subfield code="a">Binding: Pasteboards covered in light pink-tinted laid paper with black leather over spine ; Type III binding (without flap) ; board linings in untinted laid paper ; sewn in pink thread, two stations ; overall in poor condition with significant abrasion, lifting and losses of paper and spine leather, delamination of boards, staining, etc.</subfield></datafield><datafield tag="500" ind1=" " ind2=" "><subfield code="a">Support: European laid paper mainly with 11 laid lines per cm. (vertical), chain lines spaced 26 mm. apart (horizontal), three hats watermark (see p.10, 146, etc.) and "P Z" under trefoil countermark (see p.18, etc.), thin and transluscent though sturdy ; a few bifolia in another type with 7 laid lines per cm. (vertical), chain lines spaced 28 mm. apart (horizontal), and three crescents watermark (77 mm. long, perpendicular to chains, see p.142, etc.)., sturdy and thick ; all quite well burnished.</subfield></datafield><datafield tag="500" ind1=" " ind2=" "><subfield code="a">Decoration: Keywords and section headings rubricated ; textual dividers in the form of hāʼ in red ; overlining in red.</subfield></datafield><datafield tag="500" ind1=" " ind2=" "><subfield code="a">Script: Naskh ; clear Turkish or 'Syrian' hand ; partially but irregularly seriffed with right-sloping head-serif mainly on free-standing alif, effect of tilt to the left, occasional effect of words descending to baseline, curvilinear descenders, some free assimilation of letters, pointing in conjoined dots or strokes, point of final nūn set above or just inside narrow bowl.</subfield></datafield><datafield tag="500" ind1=" " ind2=" "><subfield code="a">Layout: Written in 17 lines per page ; frame-ruled.</subfield></datafield><datafield tag="500" ind1=" " ind2=" "><subfield code="a">Collation: 6 V(60), VI (72) ; almost exclusively quinions ; catchwords present ; pagination in pencil, Western numerals, supplied during digitization (includes inserts).</subfield></datafield><datafield tag="500" ind1=" " ind2=" "><subfield code="a">Colophon: "Scribal," triangular, reads "تمت في شهر ربيع الاخر اثنى وعشرون مائة الف سنه ۱۱۲۲"</subfield></datafield><datafield tag="500" ind1=" " ind2=" "><subfield code="a">Explicit: "ابو الليث وغيره قال جامع الحروف في هذه الظروف جمعت هذا الكتاب بعون الملك الوهاب لنيل الاجر والثواب وصلى الله على سيدنا محمد واله اجمعين امين يا رب العالمين"</subfield></datafield><datafield tag="500" ind1=" " ind2=" "><subfield code="a">Incipit: "الحمد لله الذي علمنا الشرائع والاحكام وخلصنا بنور العلم من ظلم الشبهة والاوهام ... وبعد فاني اردت ان ابين الفرائض والواجبات والسنن والمستحبات لينتفع المؤمنون والمؤمنات ويصلون بها في الجنة الى اعالي الدرجات وسميته راحة الصالحين وصواعق المنافقين ..."</subfield></datafield><datafield tag="500" ind1=" " ind2=" "><subfield code="a">Title from inscription on 'title page' (p.7) and opening matter on p.18..</subfield></datafield><datafield tag="500" ind1=" " ind2=" "><subfield code="a">Ms. codex.</subfield></datafield><datafield tag="505" ind1="0" ind2=" "><subfield code="a">2. p.12-p.149 : Kitāb Rāḥat al-ṣāliḥīn / Birgivî Mehmet Efendi.</subfield></datafield><datafield tag="505" ind1="0" ind2=" "><subfield code="a">1. p.7-p.11 : Fihrist Kitāb Rāḥat al-ṣāliḥīn wa-ṣawāʻiq al-munāfiqīn / Birgivî Mehmet Efendi.</subfield></datafield><datafield tag="510" ind1="4" ind2=" "><subfield code="a">Brockelmann, C. GAL,</subfield><subfield code="c">II 441 (no.13)</subfield></datafield><datafield tag="520" ind1="8" ind2=" "><subfield code="a">Careful copy of a legal treatise on religious practice (ʻibādāt), possibly by Birgivî (Birkawī, Birgilī) Mehmet Efendi (see Brockelmann, GAL II 440-442 no.13).</subfield></datafield><datafield tag="538" ind1=" " ind2=" "><subfield code="a">Mode of access: Internet.</subfield></datafield><datafield tag="541" ind1=" " ind2=" "><subfield code="a">Acquired in 1926 from the bookseller Isaac Benjamin S.E. Yahuda via purchase transacted on his behalf by Abraham Shalom Yahuda (1877-1951), his younger brother.</subfield></datafield><datafield tag="546" ind1=" " ind2=" "><subfield code="a">Arabic.</subfield></datafield><datafield tag="561" ind1=" " ind2=" "><subfield code="a">Former owners' marks on 'title page' (p.7) include ownership statement dated 1201 [1786 or 7] in name of Osman, müftü in Diyarbakır (آمد) and son of Ebubekir Efendi, Kuçuk Ahmetzade (d.1776, see Osmanlı müellifleri vol.2, p.311) accompanied by his oval seal impression (statement reads "من كتب الفقير اليه عز شأنه عثمان المفتى بمدينه آمد ابن ابو بكر افندى كجوك احمد زاده عفي عنهم") and another statement reading "عثمان افندى" ; occasional marginal and interlinear corrections.</subfield></datafield><datafield tag="650" ind1=" " ind2="0"><subfield code="a">Manuscripts, Arabic</subfield><subfield code="z">Michigan</subfield><subfield code="z">Ann Arbor.</subfield></datafield><datafield tag="650" ind1=" " ind2="0"><subfield code="a">Muslims</subfield><subfield code="x">Conduct of life</subfield><subfield code="v">Early works to 1800.</subfield></datafield><datafield tag="650" ind1=" " ind2="0"><subfield code="a">Islam</subfield><subfield code="x">Customs and practices</subfield><subfield code="v">Early works to 1800.</subfield></datafield><datafield tag="650" ind1=" " ind2="0"><subfield code="a">Islamic law</subfield><subfield code="x">Interpretation and construction</subfield><subfield code="v">Early works to 1800.</subfield></datafield><datafield tag="700" ind1="0" ind2=" "><subfield code="6">880-07</subfield><subfield code="a">Osman bin Kuçuk Ahmetzade Ebubekir Efendi,</subfield><subfield code="d">fl. 1786,</subfield><subfield code="e">former owner.</subfield></datafield><datafield tag="773" ind1="0" ind2=" "><subfield code="a">Yahuda Collection.</subfield></datafield><datafield tag="880" ind1="0" ind2=" "><subfield code="6">700-07/</subfield><subfield code="a">عثمان بن كجوك احمد زاده ابو بكر افندى،</subfield><subfield code="e">مالك سابق.</subfield></datafield><datafield tag="880" ind1="1" ind2="0"><subfield code="6">245-03/</subfield><subfield code="a">راحة الصالحين وصواعق المنافقين,</subfield><subfield code="f">[1122ه، 1710م].</subfield></datafield><datafield tag="880" ind1="0" ind2=" "><subfield code="6">100-01/</subfield><subfield code="a">بركوى محمد افندي.</subfield></datafield><datafield tag="CID" ind1=" " ind2=" "><subfield code="a">006795130</subfield></datafield><datafield tag="DAT" ind1="0" ind2=" "><subfield code="a">20190719102635.0</subfield><subfield code="b">20190719000000.0</subfield></datafield><datafield tag="DAT" ind1="1" ind2=" "><subfield code="a">20190719090653.0</subfield><subfield code="b">2019-07-19T16:11:28Z</subfield></datafield><datafield tag="DAT" ind1="2" ind2=" "><subfield code="a">2015-10-02T18:00:03Z</subfield></datafield><datafield tag="CAT" ind1=" " ind2=" "><subfield code="a">SDR-MIU</subfield><subfield code="d">EX LIBRIS - ALEPH</subfield><subfield code="l">prepare.pl-004-008</subfield></datafield><datafield tag="FMT" ind1=" " ind2=" "><subfield code="a">BK</subfield></datafield><datafield tag="HOL" ind1=" " ind2=" "><subfield code="0">sdr-miu006795130</subfield><subfield code="a">MiU</subfield><subfield code="b">SDR</subfield><subfield code="c">MIU</subfield><subfield code="p">mdp.39015079126333</subfield><subfield code="s">MIU</subfield><subfield code="1">006795130</subfield></datafield><datafield tag="974" ind1=" " ind2=" "><subfield code="b">MIU</subfield><subfield code="c">MIU</subfield><subfield code="d">20190719</subfield><subfield code="s">lit-dlps-dc</subfield><subfield code="u">mdp.39015079126333</subfield><subfield code="y">1710</subfield><subfield code="r">pd</subfield><subfield code="q">bib</subfield><subfield code="t">non-US bib date1 &lt; 1879</subfield></datafield></record></collection>